<record><leader>00000cas a2200000 a 4500</leader><controlfield tag="001">11310524</controlfield><controlfield tag="008">841025d19351947couwr ne      0    0eng d</controlfield><datafield ind1=" " ind2=" " tag="010"><subfield code="a">sn 90051878 </subfield></datafield><datafield ind1=" " ind2=" " tag="040"><subfield code="a">COG</subfield><subfield code="b">eng</subfield><subfield code="c">COG</subfield><subfield code="d">CNQ</subfield><subfield code="d">OCL</subfield><subfield code="d">OCLCQ</subfield></datafield><datafield ind1=" " ind2=" " tag="042"><subfield code="a">msc</subfield></datafield><datafield ind1="0" ind2=" " tag="130"><subfield code="a">Gunnison courier (Gunnison, Colo. : 1935)</subfield></datafield><datafield ind1="1" ind2="4" tag="245"><subfield code="a">The Gunnison courier.</subfield></datafield><datafield ind1="3" ind2="0" tag="246"><subfield code="a">Gunnison courier successor to the Gunnison echo</subfield></datafield><datafield ind1=" " ind2=" " tag="260"><subfield code="a">Gunnison, Colo. :</subfield><subfield code="b">Gunnison Pub. Co.</subfield></datafield><datafield ind1=" " ind2=" " tag="300"><subfield code="a">v.</subfield></datafield><datafield ind1=" " ind2=" " tag="310"><subfield code="a">Weekly</subfield></datafield><datafield ind1="1" ind2=" " tag="362"><subfield code="a">Began in 1935.</subfield></datafield><datafield ind1="0" ind2=" " tag="362"><subfield code="a">-v. 15, no. 52 (Aug. 21, 1947).</subfield></datafield><datafield ind1=" " ind2=" " tag="500"><subfield code="a">Published as: Gunnison courier successor to the Gunnison echo, &lt;1935&gt;-Mar. 28, 1946.</subfield></datafield><datafield ind1=" " ind2=" " tag="588"><subfield code="a">Description based on: Vol. 3, no. 18 (Jan. 10, 1935).</subfield></datafield><datafield ind1=" " ind2=" " tag="752"><subfield code="a">United States</subfield><subfield code="b">Colorado</subfield><subfield code="c">Gunnison</subfield><subfield code="d">Gunnison.</subfield></datafield><datafield ind1="0" ind2="0" tag="780"><subfield code="t">Echo (Gunnison, Colo.)</subfield><subfield code="w">(DLC)sn 90051640</subfield><subfield code="w">(OCoLC)11310368</subfield></datafield><datafield ind1="0" ind2="0" tag="785"><subfield code="t">Courier (Gunnison, Colo.)</subfield><subfield code="w">(DLC)sn 86063173</subfield></datafield></record>